@inproceedings{van2009static,
  title={Static versus scheduled interconnect in coarse-grained reconfigurable arrays},
  author={Van Essen, Brian and Wood, Aaron and Carroll, Allan and Friedman, Stephen and Panda, Robin and Ylvisaker, Benjamin and Ebeling, Carl and Hauck, Scott},
  booktitle={Field Programmable Logic and Applications, 2009. FPL 2009. International Conference on},
  pages={268--275},
  year={2009},
  organization={IEEE}
}

@inproceedings{dimitroulakos2006exploring,
  title={Exploring the design space of an optimized compiler approach for mesh-like coarse-grained reconfigurable architectures},
  author={Dimitroulakos, Grigoris and Galanis, Michalis D and Goutis, Constantinos E},
  booktitle={Parallel and Distributed Processing Symposium, 2006. IPDPS 2006. 20th International},
  pages={10--pp},
  year={2006},
  organization={IEEE}
}

@online{wave,
  url={https://static1.squarespace.com/static/56dd1fca555986f25c75343c/t/58d5d2c686e6c087a929ad91/1490408654980/CGRA+Whitepaper},
  title={A Coarse Grain Reconfigurable Array (CGRA) for Statically Scheduled Data Flow Computing},
  author={Nicol, Chris},
  organization={Wave Computing}
}

@article{ozturk2010compiler,
  title={Compiler directed network-on-chip reliability enhancement for chip multiprocessors},
  author={Ozturk, Ozcan and Kandemir, Mahmut and Irwin, Mary J and Narayanan, Sri HK},
  journal={ACM Sigplan Notices},
  volume={45},
  number={4},
  pages={85--94},
  year={2010},
  publisher={ACM}
}

@inproceedings{ababei2011energy,
  title={Energy and reliability oriented mapping for regular networks-on-chip},
  author={Ababei, Cristinel and Kia, Hamed Sajjadi and Yadav, Om Prakash and Hu, Jingcao},
  booktitle={Proceedings of the Fifth ACM/IEEE International Symposium on Networks-on-Chip},
  pages={121--128},
  year={2011},
  organization={ACM}
}

@article{kapre2011noc,
  title={An {NoC} traffic compiler for efficient {FPGA} implementation of sparse graph-oriented workloads},
  author={Kapre, Nachiket and Dehon, Andr{\'e}},
  journal={International Journal of Reconfigurable Computing},
  volume={2011},
  year={2011},
  publisher={Hindawi}
}

@inproceedings{dally2001route,
  title={Route packets, not wires: On-chip interconnection networks},
  author={Dally, William J and Towles, Brian},
  booktitle={Design Automation Conference, 2001. Proceedings},
  pages={684--689},
  year={2001},
  organization={IEEE}
}

@inproceedings{booksim,
  title={A detailed and flexible cycle-accurate network-on-chip simulator},
  author={Jiang, Nan and Balfour, James and Becker, Daniel U and Towles, Brian and Dally, William J and Michelogiannakis, George and Kim, John},
  booktitle={Performance Analysis of Systems and Software (ISPASS), 2013 IEEE International Symposium on},
  pages={86--96},
  year={2013},
  organization={IEEE}
}

@inproceedings{plasticine,
  title={Plasticine: A Reconfigurable Architecture For Parallel Paterns},
  author={Prabhakar, Raghu and Zhang, Yaqi and Koeplinger, David and Feldman, Matt and Zhao, Tian and Hadjis, Stefan and Pedram, Ardavan and Kozyrakis, Christos and Olukotun, Kunle},
  booktitle={Proceedings of the 44th Annual International Symposium on Computer Architecture},
  pages={389--402},
  year={2017},
  organization={ACM}
}



